<?xml version="1.0" encoding="UTF-8"?><record xmlns="http://www.loc.gov/MARC21/slim" xmlns:cinclude="http://apache.org/cocoon/include/1.0" xmlns:zs="http://www.loc.gov/zing/srw/">
  <leader>00479cz  a2200145n  4500</leader>
  <controlfield tag="001">n 2009071069</controlfield>
  <controlfield tag="003">DLC</controlfield>
  <controlfield tag="005">20091105075405.0</controlfield>
  <controlfield tag="008">091104n| acannaabn          |b aaa      </controlfield>
  <datafield tag="010" ind1=" " ind2=" ">
    <subfield code="a">n 2009071069</subfield>
  </datafield>
  <datafield tag="040" ind1=" " ind2=" ">
    <subfield code="a">DLC</subfield>
    <subfield code="b">eng</subfield>
    <subfield code="c">DLC</subfield>
  </datafield>
  <datafield tag="100" ind1="1" ind2=" ">
    <subfield code="a">Okamoto, Atsushi,</subfield>
    <subfield code="d">1954-</subfield>
  </datafield>
  <datafield tag="400" ind1="1" ind2=" ">
    <subfield code="a">岡本厚,</subfield>
    <subfield code="d">1954-</subfield>
  </datafield>
  <datafield tag="667" ind1=" " ind2=" ">
    <subfield code="a">Non-Latin script references not evaluated.</subfield>
  </datafield>
  <datafield tag="670" ind1=" " ind2=" ">
    <subfield code="a">Tateiwa, Shinʼya. Seizonken, 2009:</subfield>
    <subfield code="b">t.p. (Okamoto Atsushi = 岡本厚) colophon (r; b. 1954; hd. ed., "Sekai" magazine)</subfield>
  </datafield>
</record>